%samples
@manual{AX25_standard,
	author = {{Tucson Amateur Packet Radio Corporation}},
	title = {{AX.25 Link Access Protocol for Amateur Packet Radio}},
	date = 1998
}


@misc{ICOM_910H_pic,
    author = {{Universal Radio}},
    title = {{Icom 910H radio}},
    howpublished = "\url{https://www.universal-radio.com/catalog/hammulti/1910lrg.jpg}",
    year = 2013,
    note = "[Online; accessed 25.06.2019]"
}


@inproceedings {costas_loop,
    author = {{John P. Costas}},
    title = {{Synchronous Communications}},
    booktitle = {{Proceedings of the IRE}},
    year = 1956,
    volume = {{44}}
}


@book{sat_propagation,
    author = {{Ippolito, Louis J.}},
    title = {{Radiowave Propagation in Satellite Communications}},
    publisher = {{Springer}},
    year = 1986
}
% end samples


@misc{J-Link_pinout_SWD,
    author = {{SEGGER Microcontroller GmbH}},
    title = {{Interface Description}},
    howpublished = "\url{https://www.segger.com/products/debug-probes/j-link/technology/interface-description}",
    note = "[data projekcji strony: 15.12.2019]"
}

@misc{EMI5208MUTAG_datasheet,
    author = {{Semiconductor Components Industries LLC}},
    title = {{Four-Six-Eight-Channel EMIFilter with Integrated ESDProtection}},
    howpublished = "\url{https://www.onsemi.com/pub/Collateral/EMI5204MU-D.pdf}",
    note = "[data projekcji strony: 15.12.2019]"
}

@misc{J-Link_EDU_photo,
    author = {{SEGGER Microcontroller GmbH}},
    title = {{J-Link EDU}},
    howpublished = "\url{https://www.segger.com/products/debug-probes/j-link/models/j-link-edu/}",
    note = "[data projekcji strony: 16.12.2019]"
}

@misc{SN74CBT3251_datasheet_propagation,
    author = {{Texas Instruments Inc.}},
    title = {{SN74CBT32511-of-8 FET Multiplexerand Demultiplexer}},
    howpublished = "\url{http://www.ti.com/lit/ds/symlink/sn74cbt3251.pdf}",
    note = "[data projekcji strony: 19.12.2019]"
}

@misc{USBLC6-2_datasheet,
    author = {{STMicroelectronics}},
    title = {{USBLC6-2}},
    howpublished = "\url{https://www.st.com/resource/en/datasheet/usblc6-2.pdf}",
    note = "[data projekcji strony: 19.12.2019]"
}


@misc{CoreSight10_documentation,
    author = {{Arm Limited }},
    title = {{ARM DSTREAM System and Interface Design Reference}},
    howpublished = "\url{http://infocenter.arm.com/help/index.jsp?topic=/com.arm.doc.dui0499d/BEHJBHFH.html}",
    note = "[data projekcji strony: 21.12.2019]"
}



@misc{mikrokontroler_definicja,
    author = {{dr hab. inż. Zbigniew Czaja}},
    title = {{Mikroprocesory i kontrolery - Materiały do wykładu}},
    howpublished = "\url{http://www.pg.gda.pl/~zbczaja/pdf/wykl_mim_cz2.pdf}",
    note = "[data projekcji strony: 27.12.2019]"
}